<record><leader>00000cas a22000007a 4500</leader><controlfield tag="001">9361099</controlfield><controlfield tag="008">830330d18131813nyudr ne      0    0eng d</controlfield><datafield ind1=" " ind2=" " tag="010"><subfield code="a">sn 83030120 </subfield></datafield><datafield ind1=" " ind2=" " tag="040"><subfield code="a">NPU</subfield><subfield code="b">eng</subfield><subfield code="c">NPU</subfield><subfield code="d">NPX</subfield><subfield code="d">OCLCG</subfield><subfield code="d">OCLCQ</subfield></datafield><datafield ind1=" " ind2=" " tag="042"><subfield code="a">msc</subfield></datafield><datafield ind1="0" ind2=" " tag="130"><subfield code="a">Daily express (New York, N.Y. : 1813)</subfield></datafield><datafield ind1="1" ind2="0" tag="245"><subfield code="a">Daily express.</subfield></datafield><datafield ind1=" " ind2=" " tag="260"><subfield code="a">New-York [N.Y.] :</subfield><subfield code="b">G.C. Tunison</subfield></datafield><datafield ind1=" " ind2=" " tag="300"><subfield code="a">v. ;</subfield><subfield code="c">37 cm.</subfield></datafield><datafield ind1=" " ind2=" " tag="310"><subfield code="a">Daily</subfield></datafield><datafield ind1="1" ind2=" " tag="362"><subfield code="a">Began in 1813; ceased in 1813.</subfield><subfield code="z">Cf. Brigham, C.S. Amer. newspapers.</subfield></datafield><datafield ind1=" " ind2=" " tag="500"><subfield code="a">Publishers: G.C. Tunison; N.T. Eldredge.</subfield></datafield><datafield ind1=" " ind2=" " tag="500"><subfield code="a">References: Shaw &amp; Shoemaker 28267; Brigham, C.S. Amer. newspapers, p. 624.</subfield></datafield><datafield ind1=" " ind2=" " tag="580"><subfield code="a">Semiweekly ed.: Statesman, for the country.</subfield></datafield><datafield ind1=" " ind2=" " tag="588"><subfield code="a">Description based on: Vol. 1, no. 6 (Sept. 3, 1813).</subfield></datafield><datafield ind1="1" ind2=" " tag="700"><subfield code="a">Tunison, Garret C.,</subfield><subfield code="d">1782-1828.</subfield></datafield><datafield ind1="1" ind2=" " tag="700"><subfield code="a">Eldredge, Nathaniel T.</subfield></datafield><datafield ind1=" " ind2=" " tag="752"><subfield code="a">United States</subfield><subfield code="b">New York</subfield><subfield code="c">New York</subfield><subfield code="d">New York.</subfield></datafield><datafield ind1="1" ind2=" " tag="775"><subfield code="t">Statesman, for the country</subfield><subfield code="w">(DLC)sn 85025702</subfield></datafield><datafield ind1="0" ind2="0" tag="780"><subfield code="t">Statesman (New York, N.Y. : 1812)</subfield><subfield code="w">(DLC)sn 83032063</subfield></datafield><datafield ind1="1" ind2=" " tag="029"><subfield code="a">AU@</subfield><subfield code="b">000025821390</subfield></datafield></record>